Trade_Time,Price_USD,Volume_BTC,Symbol
2025-09-30 00:12:05.009,114362.3,0.077,BTCUSDT
2025-09-30 00:12:05.130,114362.3,0.002,BTCUSDT
2025-09-30 00:12:05.152,114362.4,0.001,BTCUSDT
2025-09-30 00:12:05.160,114362.4,0.002,BTCUSDT
2025-09-30 00:12:05.483,114362.3,0.002,BTCUSDT
2025-09-30 00:12:05.540,114362.4,0.05,BTCUSDT
2025-09-30 00:12:05.593,114362.4,0.002,BTCUSDT
2025-09-30 00:12:05.637,114362.3,0.001,BTCUSDT
2025-09-30 00:12:05.772,114362.3,0.025,BTCUSDT
2025-09-30 00:12:05.817,114362.4,0.005,BTCUSDT
2025-09-30 00:12:05.884,114362.3,0.087,BTCUSDT
2025-09-30 00:12:06.173,114362.4,0.007,BTCUSDT
2025-09-30 00:12:06.486,114362.4,0.033,BTCUSDT
2025-09-30 00:12:06.559,114362.3,0.001,BTCUSDT
2025-09-30 00:12:06.861,114362.3,0.087,BTCUSDT
2025-09-30 00:12:06.870,114362.4,0.009,BTCUSDT
2025-09-30 00:12:07.281,114362.3,0.006,BTCUSDT
2025-09-30 00:12:07.503,114362.4,0.139,BTCUSDT
2025-09-30 00:12:07.622,114362.4,0.001,BTCUSDT
2025-09-30 00:12:07.872,114362.3,0.087,BTCUSDT
2025-09-30 00:12:08.080,114362.3,0.008,BTCUSDT
2025-09-30 00:12:08.476,114362.3,0.001,BTCUSDT
2025-09-30 00:12:08.594,114362.3,1.607,BTCUSDT
2025-09-30 00:12:08.820,114362.3,0.137,BTCUSDT
2025-09-30 00:12:08.830,114362.3,2.838,BTCUSDT
2025-09-30 00:12:08.838,114362.3,3.062,BTCUSDT
2025-09-30 00:12:08.840,114362.4,0.012,BTCUSDT
2025-09-30 00:12:08.893,114362.3,0.064,BTCUSDT
2025-09-30 00:12:08.895,114362.4,0.004,BTCUSDT
2025-09-30 00:12:08.926,114362.3,0.945,BTCUSDT
2025-09-30 00:12:08.970,114362.3,0.087,BTCUSDT
2025-09-30 00:12:09.134,114362.4,0.026,BTCUSDT
2025-09-30 00:12:09.317,114362.3,1.868,BTCUSDT
2025-09-30 00:12:09.317,114362.3,0.001,BTCUSDT
2025-09-30 00:12:09.317,114362.3,0.002,BTCUSDT
2025-09-30 00:12:09.317,114362.3,0.002,BTCUSDT
2025-09-30 00:12:09.317,114362.3,0.057,BTCUSDT
2025-09-30 00:12:09.317,114362.3,0.002,BTCUSDT
2025-09-30 00:12:09.317,114362.3,0.001,BTCUSDT
2025-09-30 00:12:09.317,114362.3,0.001,BTCUSDT
2025-09-30 00:12:09.317,114362.3,0.002,BTCUSDT
2025-09-30 00:12:09.317,114362.3,0.003,BTCUSDT
2025-09-30 00:12:09.317,114362.3,0.002,BTCUSDT
2025-09-30 00:12:09.317,114362.3,0.087,BTCUSDT
2025-09-30 00:12:09.317,114362.3,0.087,BTCUSDT
2025-09-30 00:12:09.317,114362.3,0.002,BTCUSDT
2025-09-30 00:12:09.317,114362.3,0.005,BTCUSDT
2025-09-30 00:12:09.318,114362.3,0.002,BTCUSDT
2025-09-30 00:12:09.318,114362.3,0.349,BTCUSDT
2025-09-30 00:12:09.318,114362.3,0.002,BTCUSDT
2025-09-30 00:12:09.318,114362.3,0.001,BTCUSDT
2025-09-30 00:12:09.318,114362.3,0.012,BTCUSDT
2025-09-30 00:12:09.318,114362.3,0.101,BTCUSDT
2025-09-30 00:12:09.318,114362.3,0.002,BTCUSDT
2025-09-30 00:12:09.318,114362.3,1.114,BTCUSDT
2025-09-30 00:12:09.361,114362.4,0.002,BTCUSDT
2025-09-30 00:12:09.489,114362.4,0.002,BTCUSDT
2025-09-30 00:12:09.495,114362.4,0.002,BTCUSDT
2025-09-30 00:12:09.691,114362.4,0.286,BTCUSDT
2025-09-30 00:12:09.855,114362.4,0.004,BTCUSDT
2025-09-30 00:12:09.896,114362.3,0.367,BTCUSDT
2025-09-30 00:12:09.940,114362.3,0.087,BTCUSDT
2025-09-30 00:12:09.958,114362.3,0.031,BTCUSDT
2025-09-30 00:12:10.009,114362.3,7.204,BTCUSDT
2025-09-30 00:12:10.012,114362.3,3.693,BTCUSDT
2025-09-30 00:12:10.012,114362.3,0.446,BTCUSDT
2025-09-30 00:12:10.012,114362.3,0.002,BTCUSDT
2025-09-30 00:12:10.012,114362.3,0.001,BTCUSDT
2025-09-30 00:12:10.012,114362.3,0.035,BTCUSDT
2025-09-30 00:12:10.014,114362.3,0.096,BTCUSDT
2025-09-30 00:12:10.014,114362.3,0.087,BTCUSDT
2025-09-30 00:12:10.014,114362.3,0.001,BTCUSDT
2025-09-30 00:12:10.014,114362.3,0.254,BTCUSDT
2025-09-30 00:12:10.015,114362.3,0.001,BTCUSDT
2025-09-30 00:12:10.015,114362.3,0.051,BTCUSDT
2025-09-30 00:12:10.015,114362.3,0.092,BTCUSDT
2025-09-30 00:12:10.015,114362.3,0.125,BTCUSDT
2025-09-30 00:12:10.015,114362.3,0.061,BTCUSDT
2025-09-30 00:12:10.016,114362.3,0.174,BTCUSDT
2025-09-30 00:12:10.016,114362.3,0.079,BTCUSDT
2025-09-30 00:12:10.016,114362.3,0.345,BTCUSDT
2025-09-30 00:12:10.017,114362.3,0.015,BTCUSDT
2025-09-30 00:12:10.017,114362.3,0.25,BTCUSDT
2025-09-30 00:12:10.018,114362.3,0.193,BTCUSDT
2025-09-30 00:12:10.018,114362.3,0.048,BTCUSDT
2025-09-30 00:12:10.018,114362.3,0.18,BTCUSDT
2025-09-30 00:12:10.018,114362.3,0.001,BTCUSDT
2025-09-30 00:12:10.018,114362.3,0.077,BTCUSDT
2025-09-30 00:12:10.018,114362.3,0.106,BTCUSDT
2025-09-30 00:12:10.018,114362.3,0.033,BTCUSDT
2025-09-30 00:12:10.018,114362.3,0.067,BTCUSDT
2025-09-30 00:12:10.020,114362.3,0.02,BTCUSDT
2025-09-30 00:12:10.020,114362.3,0.041,BTCUSDT
2025-09-30 00:12:10.022,114362.3,0.017,BTCUSDT
2025-09-30 00:12:10.026,114362.3,0.029,BTCUSDT
2025-09-30 00:12:10.026,114362.3,0.002,BTCUSDT
2025-09-30 00:12:10.026,114362.3,0.001,BTCUSDT
2025-09-30 00:12:10.026,114362.3,0.003,BTCUSDT
2025-09-30 00:12:10.026,114362.3,0.001,BTCUSDT
2025-09-30 00:12:10.026,114362.3,0.001,BTCUSDT
2025-09-30 00:12:10.026,114362.3,0.001,BTCUSDT
2025-09-30 00:12:10.026,114362.3,0.002,BTCUSDT
2025-09-30 00:12:10.026,114362.3,0.002,BTCUSDT
2025-09-30 00:12:10.026,114362.3,0.001,BTCUSDT
2025-09-30 00:12:10.026,114362.3,0.001,BTCUSDT
2025-09-30 00:12:10.026,114362.3,0.001,BTCUSDT
2025-09-30 00:12:10.026,114362.2,0.001,BTCUSDT
2025-09-30 00:12:10.026,114362.2,0.001,BTCUSDT
2025-09-30 00:12:10.026,114362.2,0.002,BTCUSDT
2025-09-30 00:12:10.026,114362.2,0.03,BTCUSDT
2025-09-30 00:12:10.026,114362.2,0.021,BTCUSDT
2025-09-30 00:12:10.030,114362.2,0.009,BTCUSDT
2025-09-30 00:12:10.030,114362.2,1.088,BTCUSDT
2025-09-30 00:12:10.030,114362.2,0.08,BTCUSDT
2025-09-30 00:12:10.030,114362.2,0.256,BTCUSDT
2025-09-30 00:12:10.030,114362.2,0.005,BTCUSDT
2025-09-30 00:12:10.030,114362.2,0.04,BTCUSDT
2025-09-30 00:12:10.030,114362.1,0.002,BTCUSDT
2025-09-30 00:12:10.030,114362.1,1.001,BTCUSDT
2025-09-30 00:12:10.044,114361.7,0.002,BTCUSDT
2025-09-30 00:12:10.044,114361.7,0.001,BTCUSDT
2025-09-30 00:12:10.044,114361.7,0.001,BTCUSDT
2025-09-30 00:12:10.044,114361.7,0.001,BTCUSDT
2025-09-30 00:12:10.044,114361.7,0.001,BTCUSDT
2025-09-30 00:12:10.044,114361.7,0.001,BTCUSDT
2025-09-30 00:12:10.044,114361.5,0.001,BTCUSDT
2025-09-30 00:12:10.044,114361.2,0.001,BTCUSDT
2025-09-30 00:12:10.044,114361.1,0.002,BTCUSDT
2025-09-30 00:12:10.044,114361.1,0.002,BTCUSDT
2025-09-30 00:12:10.044,114360.8,0.004,BTCUSDT
2025-09-30 00:12:10.044,114360.5,0.002,BTCUSDT
2025-09-30 00:12:10.044,114360.5,0.002,BTCUSDT
2025-09-30 00:12:10.044,114360.4,0.001,BTCUSDT
2025-09-30 00:12:10.044,114360.2,0.001,BTCUSDT
2025-09-30 00:12:10.381,114360.0,0.001,BTCUSDT
2025-09-30 00:12:10.552,114360.1,0.005,BTCUSDT
2025-09-30 00:12:10.710,114360.0,0.001,BTCUSDT
2025-09-30 00:12:10.759,114360.0,0.015,BTCUSDT
2025-09-30 00:12:10.907,114360.1,0.002,BTCUSDT
2025-09-30 00:12:10.986,114360.0,0.087,BTCUSDT
2025-09-30 00:12:11.217,114360.1,0.001,BTCUSDT
2025-09-30 00:12:11.379,114360.0,0.002,BTCUSDT
2025-09-30 00:12:11.670,114360.1,0.02,BTCUSDT
2025-09-30 00:12:11.745,114360.1,0.002,BTCUSDT
2025-09-30 00:12:11.802,114360.1,0.003,BTCUSDT
2025-09-30 00:12:11.805,114360.0,0.002,BTCUSDT
2025-09-30 00:12:11.862,114360.1,0.003,BTCUSDT
2025-09-30 00:12:11.966,114360.0,0.035,BTCUSDT
2025-09-30 00:12:11.966,114360.0,0.001,BTCUSDT
2025-09-30 00:12:11.966,114360.0,0.006,BTCUSDT
2025-09-30 00:12:11.966,114360.0,0.045,BTCUSDT
2025-09-30 00:12:12.746,114360.1,0.043,BTCUSDT
2025-09-30 00:12:12.872,114360.1,0.025,BTCUSDT
2025-09-30 00:12:12.877,114360.0,0.001,BTCUSDT
2025-09-30 00:12:12.877,114360.0,0.002,BTCUSDT
2025-09-30 00:12:12.906,114360.0,0.075,BTCUSDT
2025-09-30 00:12:12.906,114360.0,0.012,BTCUSDT
2025-09-30 00:12:12.953,114360.0,0.011,BTCUSDT
2025-09-30 00:12:13.040,114360.0,0.009,BTCUSDT
2025-09-30 00:12:13.382,114360.0,0.005,BTCUSDT
2025-09-30 00:12:13.409,114360.0,0.007,BTCUSDT
2025-09-30 00:12:13.539,114360.1,0.009,BTCUSDT
2025-09-30 00:12:13.567,114360.1,0.002,BTCUSDT
2025-09-30 00:12:13.920,114360.0,0.043,BTCUSDT
2025-09-30 00:12:13.920,114360.0,0.004,BTCUSDT
2025-09-30 00:12:13.920,114360.0,0.04,BTCUSDT
2025-09-30 00:12:14.215,114360.1,0.001,BTCUSDT
2025-09-30 00:12:14.300,114360.1,0.006,BTCUSDT
2025-09-30 00:12:14.439,114360.0,0.001,BTCUSDT
2025-09-30 00:12:14.539,114360.1,0.011,BTCUSDT
2025-09-30 00:12:14.711,114360.1,0.08,BTCUSDT
2025-09-30 00:12:14.993,114360.0,0.087,BTCUSDT
2025-09-30 00:12:15.029,114360.0,0.259,BTCUSDT
2025-09-30 00:12:15.352,114360.1,0.009,BTCUSDT
2025-09-30 00:12:15.670,114360.0,0.05,BTCUSDT
2025-09-30 00:12:15.974,114360.0,0.087,BTCUSDT
2025-09-30 00:12:16.031,114360.0,0.022,BTCUSDT
2025-09-30 00:12:16.298,114360.1,0.101,BTCUSDT
2025-09-30 00:12:16.824,114360.0,0.001,BTCUSDT
2025-09-30 00:12:17.061,114360.1,0.011,BTCUSDT
2025-09-30 00:12:17.102,114360.0,0.087,BTCUSDT
2025-09-30 00:12:17.307,114360.0,0.009,BTCUSDT
2025-09-30 00:12:17.462,114360.1,0.218,BTCUSDT
2025-09-30 00:12:17.512,114360.0,0.067,BTCUSDT
2025-09-30 00:12:17.555,114360.0,0.004,BTCUSDT
2025-09-30 00:12:17.625,114360.0,0.04,BTCUSDT
2025-09-30 00:12:17.665,114360.1,0.015,BTCUSDT
2025-09-30 00:12:17.725,114360.0,0.001,BTCUSDT
2025-09-30 00:12:17.727,114360.0,0.008,BTCUSDT
2025-09-30 00:12:17.772,114360.1,0.002,BTCUSDT
2025-09-30 00:12:18.146,114360.0,0.087,BTCUSDT
2025-09-30 00:12:18.311,114360.0,0.004,BTCUSDT
2025-09-30 00:12:18.366,114360.1,0.002,BTCUSDT
2025-09-30 00:12:18.465,114360.0,0.001,BTCUSDT
2025-09-30 00:12:18.496,114360.0,0.024,BTCUSDT
2025-09-30 00:12:18.511,114360.1,0.001,BTCUSDT
2025-09-30 00:12:19.072,114360.0,0.008,BTCUSDT
2025-09-30 00:12:19.077,114360.1,0.008,BTCUSDT
2025-09-30 00:12:19.244,114360.0,0.002,BTCUSDT
